
@article{Tembely2020,
    title = {{A deep learning perspective on predicting permeability in porous media from network modeling to direct simulation}},
    year = {2020},
    journal = {Computational Geosciences},
    author = {Tembely, Moussa and AlSumaiti, Ali and Alameri, Waleed},
    number = {4},
    pages = {1541--1556},
    volume = {24},
    url = {https://doi.org/10.1007/s10596-020-09963-4},
    doi = {10.1007/s10596-020-09963-4},
    issn = {1573-1499}
}

@article{VALENTIN2019474,
    title = {{A deep residual convolutional neural network for automatic lithological facies identification in Brazilian pre-salt oilfield wellbore image logs}},
    year = {2019},
    journal = {Journal of Petroleum Science and Engineering},
    author = {Valent{\'{i}}n, Manuel Blanco and Bom, Clécio R and Coelho, Juliana M and Correia, Maury Duarte and de Albuquerque, Márcio P and de Albuquerque, Marcelo P and Faria, Elisângela L},
    pages = {474--503},
    volume = {179},
    url = {https://www.sciencedirect.com/science/article/pii/S0920410519303663},
    doi = {https://doi.org/10.1016/j.petrol.2019.04.030},
    issn = {0920-4105},
    keywords = {Borehole, Classification, Deep, Image, Lithofacies, Logs, Network, Residual}
}

@inproceedings{duan2016new,
    title = {{A new neural network model for rock porosity prediction}},
    year = {2016},
    booktitle = {2016 International Conference on Identification, Information and Knowledge in the Internet of Things (IIKI)},
    author = {Duan, Youxiang and Li, Yu and Li, Gentian and Sun, Qifeng},
    pages = {26--32},
    organization = {IEEE}
}

@article{Nagelkerke1991ANO,
    title = {{A note on a general definition of the coefficient of determination}},
    year = {1991},
    journal = {Biometrika},
    author = {Nagelkerke, N},
    pages = {691--692},
    volume = {78}
}

@article{Guo2018,
    title = {{A review of semantic segmentation using deep neural networks}},
    year = {2018},
    journal = {International Journal of Multimedia Information Retrieval},
    author = {Guo, Yanming and Liu, Yu and Georgiou, Theodoros and Lew, Michael S},
    number = {2},
    pages = {87--93},
    volume = {7},
    url = {https://doi.org/10.1007/s13735-017-0141-z},
    doi = {10.1007/s13735-017-0141-z},
    issn = {2192-662X}
}

@article{akbar2000snapshot,
    title = {{A snapshot of carbonate reservoir evaluation}},
    year = {2000},
    journal = {Oilfield Review},
    author = {Akbar, Mahmood and Vissapragada, Badarinadh and Alghamdi, Ali H and Allen, David and Herron, Michael and Carnegie, Andrew and Dutta, Dhruba and Olesen, Jean-Rémy and Chourasiya, R D and Logan, Dale and {others}},
    number = {4},
    pages = {20--21},
    volume = {12}
}

@article{sharma2020,
    title = {{Activation functions in neural networks}},
    year = {2020},
    journal = {Towards Data Science},
    author = {Sharma, Sagar},
    number = {12},
    pages = {310--316},
    volume = {4}
}

@misc{nwankpa2018activation,
    title = {{Activation Functions: Comparison of trends in Practice and Research for Deep Learning}},
    year = {2018},
    author = {Nwankpa, Chigozie and Ijomah, Winifred and Gachagan, Anthony and Marshall, Stephen},
    arxivId = {cs.LG/1811.03378}
}

@misc{kingma2017adam,
    title = {{Adam: A Method for Stochastic Optimization}},
    year = {2017},
    author = {Kingma, Diederik P and Ba, Jimmy},
    arxivId = {cs.LG/1412.6980}
}

@article{feng2020unsupervised,
    title = {{An unsupervised deep-learning method for porosity estimation based on post-stack seismic data}},
    year = {2020},
    journal = {Geophysics},
    author = {Feng, Runhai and Mejer Hansen, Thomas and Grana, Dario and Balling, Niels},
    number = {6},
    pages = {1--51},
    volume = {85},
    publisher = {Society of Exploration Geophysicists}
}

@article{Huy2017,
    title = {{Application of deep learning in predicting fracture porosity}},
    year = {2017},
    journal = {Petrovietnam Journal},
    author = {Huy, Giao Pham and Sandunil, Kushan},
    number = {0 SE - Articles},
    month = {10},
    volume = {10},
    url = {http://pvj.com.vn/index.php/TCDK/article/view/229},
    doi = {10.25073/petrovietnam journal.v10i0.229}
}

@article{mees2003applications,
    title = {{Applications of X-ray computed tomography in the geosciences}},
    year = {2003},
    journal = {Geological Society, London, Special Publications},
    author = {Mees, Florias and Swennen, Rony and Van Geet, M and Jacobs, P},
    number = {1},
    pages = {1--6},
    volume = {215},
    publisher = {Geological Society of London}
}

@article{Chung2019,
    title = {{Approximating Permeability of Microcomputed-Tomography Images Using Elliptic Flow Equations}},
    year = {2019},
    journal = {SPE Journal},
    author = {Chung, Traiwit and Wang, Ying Da and Armstrong, Ryan T and Mostaghimi, Peyman},
    number = {03},
    pages = {1154--1163},
    volume = {24},
    publisher = {Society of Petroleum Engineers},
    url = {https://doi.org/10.2118/191379-PA},
    doi = {10.2118/191379-PA},
    issn = {1086-055X}
}

@book{heaton2015,
    title = {{Artificial intelligence for humans}},
    year = {2015},
    author = {Heaton, Jeff},
    volume = {3},
    publisher = {Heaton Research, Incorporated},
    isbn = {978-1505714340}
}

@article{Lucia2003,
    title = {{Carbonate Reservoir Characterization}},
    year = {2003},
    journal = {Journal of Petroleum Technology},
    author = {Lucia, F Jerry and Kerans, Charles and Jennings Jr., James W},
    number = {06},
    month = {6},
    pages = {70--72},
    volume = {55},
    url = {https://doi.org/10.2118/82071-JPT},
    doi = {10.2118/82071-JPT},
    issn = {0149-2136}
}

@incollection{Harbaugh1967,
    title = {{Chapter 7 Carbonate Oil Reservoir Rocks}},
    year = {1967},
    booktitle = {Carbonate Rocks Origin, Occurrence and Classification},
    author = {Harbaugh, John W},
    editor = {Chilingar, George V and Bissell, Harold J and Fairbridge, Rhodes W B T - Developments in Sedimentology},
    pages = {349--398},
    volume = {9},
    publisher = {Elsevier},
    url = {https://www.sciencedirect.com/science/article/pii/S0070457108711154},
    isbn = {0070-4571},
    doi = {https://doi.org/10.1016/S0070-4571(08)71115-4}
}

@misc{pedamonti2018comparison,
    title = {{Comparison of non-linear activation functions for deep neural networks on MNIST classification task}},
    year = {2018},
    author = {Pedamonti, Dabal},
    arxivId = {cs.LG/1804.02763}
}

@incollection{DeFigueiredo2019,
    title = {{Deep 3D convolutional neural network applied to CT segmented image for rock properties prediction}},
    year = {2019},
    booktitle = {SEG Technical Program Expanded Abstracts 2019},
    author = {de Figueiredo, Leandro Passos and Bordignon, Fernando and Exterkoetter, Rodrigo and Rodrigues, Bruno Barbosa and Duarte, Maury},
    month = {8},
    pages = {xxx-xxx},
    series = {SEG Technical Program Expanded Abstracts},
    publisher = {Society of Exploration Geophysicists},
    url = {https://doi.org/10.1190/segam2019-3216835.1},
    doi = {doi:10.1190/segam2019-3216835.1}
}

@incollection{coronado2019porosity,
    title = {{Deep convolutional neural networks as an estimator of porosity in thin-section images for unconventional reservoirs}},
    year = {2019},
    booktitle = {SEG Technical Program Expanded Abstracts 2019},
    author = {Duarte-Coronado, David and Tellez-Rodriguez, Jerson and de Lima, Rafael Pires and Marfurt, Kurt and Slatt, Roger},
    pages = {3181--3184},
    url = {https://library.seg.org/doi/abs/10.1190/segam2019-3216898.1},
    doi = {10.1190/segam2019-3216898.1}
}

@book{Goodfellow-et-al-2016,
    title = {{Deep Learning}},
    year = {2016},
    author = {Goodfellow, Ian and Bengio, Yoshua and Courville, Aaron},
    publisher = {MIT Press},
    url = {http://www.deeplearningbook.org}
}

@article{LeCun2015deep,
    title = {{Deep learning}},
    year = {2015},
    journal = {Nature},
    author = {LeCun, Yan and Bengio, Yoshua and Hinton, Geoffrey},
    pages = {436--444},
    volume = {521},
    doi = {10.1038/nature14539}
}

@misc{Alqahtani2018,
    title = {{Deep Learning Convolutional Neural Networks to Predict Porous Media Properties}},
    year = {2018},
    booktitle = {SPE Asia Pacific Oil and Gas Conference and Exhibition},
    author = {Alqahtani, Naif and Armstrong, Ryan T and Mostaghimi, Peyman},
    pages = {10},
    publisher = {Society of Petroleum Engineers},
    url = {https://doi.org/10.2118/191906-MS},
    address = {Brisbane, Australia},
    isbn = {978-1-61399-595-2},
    doi = {10.2118/191906-MS}
}

@misc{Tembely2019,
    title = {{Deep Learning for a Fast and Accurate Prediction of Complex Carbonate Rock Permeability From 3D Micro-CT Images}},
    year = {2019},
    booktitle = {Abu Dhabi International Petroleum Exhibition {\&} Conference},
    author = {Tembely, Moussa and AlSumaiti, Ali},
    pages = {14},
    publisher = {Society of Petroleum Engineers},
    url = {https://doi.org/10.2118/197457-MS},
    address = {Abu Dhabi, UAE},
    isbn = {978-1-61399-672-0},
    doi = {10.2118/197457-MS}
}

@inproceedings{bordignon2019deep,
    title = {{Deep Learning for Grain Size and Porosity Distributions Estimation on micro-CT Images}},
    year = {2019},
    booktitle = {Proceedings of the 16th International Congress of the Brazilian Geophysical Society {\&} Expogef},
    author = {Bordignon, Fernando and de Figueiredo, Leandro Passos and Exterkoetter, Rodrigo and Rodrigues, Bruno Barbosa and Correia, Maury Duarte}
}

@misc{anjos2020deep,
    title = {{Deep learning for lithological classification of carbonate rock micro-CT images}},
    year = {2020},
    author = {dos Anjos, Carlos E M and Avila, Manuel R V and Vasconcelos, Adna G P and Neta, Aurea M P and Medeiros, Lizianne C and Evsukoff, Alexandre G and Surmas, Rodrigo},
    arxivId = {cs.CV/2007.15693}
}

@article{Schmidhuber2015,
    title = {{Deep learning in neural networks: An overview}},
    year = {2015},
    journal = {Neural Networks},
    author = {Schmidhuber, Jürgen},
    month = {1},
    pages = {85--117},
    volume = {61},
    publisher = {Elsevier BV},
    url = {http://dx.doi.org/10.1016/j.neunet.2014.09.003},
    doi = {10.1016/j.neunet.2014.09.003},
    issn = {0893-6080}
}

@article{Chen2020,
    title = {{Deep learning reservoir porosity prediction based on multilayer long short-term memory network}},
    year = {2020},
    journal = {GEOPHYSICS},
    author = {Chen, Wei and Yang, Liuqing and Zha, Bei and Zhang, Mi and Chen, Yangkang},
    number = {4},
    month = {6},
    pages = {WA213-WA225},
    volume = {85},
    publisher = {Society of Exploration Geophysicists},
    url = {https://doi.org/10.1190/geo2019-0261.1},
    doi = {10.1190/geo2019-0261.1},
    issn = {0016-8033}
}

@book{chollet2017deep,
    title = {{Deep Learning with Python}},
    year = {2017},
    author = {Chollet, François},
    publisher = {Manning Publications Company},
    address = {Nova Iorque, EUA},
    isbn = {9781617294433}
}

@article{araya2019deep,
    title = {{Deep learning--driven permeability estimation from 2D images}},
    year = {2019},
    journal = {Computational Geosciences},
    author = {Araya-Polo, Mauricio and Alpak, Faruk O and Hunter, Sander and Hofmann, Ronny and Saxena, Nishank},
    pages = {1--10},
    publisher = {Springer}
}

@inproceedings{Araya-Polo2018,
    title = {{Deep Learning-Driven Pore-Scale Simulation For Permeability Estimation}},
    year = {2018},
    author = {Araya-Polo, Mauricio and Alpak, Faruk O and Hunter, Sander and Hofmann, Ronny and Saxena, Nishank},
    number = {1},
    month = {9},
    pages = {1--14},
    volume = {2018},
    publisher = {European Association of Geoscientists {\&} Engineers},
    url = {http://www.earthdoc.org/publication/publicationdetails/?publication=93919},
    doi = {10.3997/2214-4609.201802173},
    issn = {2214-4609}
}

@misc{marcus2018deep,
    title = {{Deep Learning: A Critical Appraisal}},
    year = {2018},
    author = {Marcus, Gary},
    arxivId = {cs.AI/1801.00631}
}

@article{wason2018,
    title = {{Deep learning: Evolution and expansion}},
    year = {2018},
    journal = {Cognitive Systems Research},
    author = {Wason, Ritika},
    pages = {701--708},
    volume = {52},
    url = {http://www.sciencedirect.com/science/article/pii/S1389041717303546},
    doi = {https://doi.org/10.1016/j.cogsys.2018.08.023},
    issn = {1389-0417},
    keywords = {Deep learning, Multi-layer neural networks}
}

@article{deng2014deep,
    title = {{Deep Learning: Methods and Applications}},
    year = {2014},
    journal = {Found. Trends Signal Process.},
    author = {Deng, Li and Yu, Dong},
    number = {3–4},
    pages = {197–387},
    volume = {7},
    publisher = {Now Publishers Inc.},
    url = {https://doi.org/10.1561/2000000039},
    address = {Hanover, MA, USA},
    doi = {10.1561/2000000039},
    issn = {1932-8346}
}

@article{arel2010,
    title = {{Deep Machine Learning - A New Frontier in Artificial Intelligence Research [Research Frontier]}},
    year = {2010},
    journal = {IEEE Computational Intelligence Magazine},
    author = {Arel, Itamar and Rose, Derek C. and Karnowski, Thomas P.},
    number = {4},
    pages = {13--18},
    volume = {5}
}

@article{Rabbani2020,
    title = {{DeePore: A deep learning workflow for rapid and comprehensive characterization of porous materials}},
    year = {2020},
    journal = {Advances in Water Resources},
    author = {Rabbani, Arash and Babaei, Masoud and Shams, Reza and Wang, Ying Da and Chung, Traiwit},
    pages = {103787},
    volume = {146},
    url = {http://www.sciencedirect.com/science/article/pii/S0309170820304590},
    doi = {https://doi.org/10.1016/j.advwatres.2020.103787},
    issn = {0309-1708},
    keywords = {Convolutional neural networks, Deep learning, Physical properties of porous media, Pore network modeling, Porous material dataset}
}

@inproceedings{He_2015_ICCV,
    title = {{Delving Deep into Rectifiers: Surpassing Human-Level Performance on ImageNet Classification}},
    year = {2015},
    booktitle = {Proceedings of the IEEE International Conference on Computer Vision (ICCV)},
    author = {He, Kaiming and Zhang, Xiangyu and Ren, Shaoqing and Sun, Jian}
}

@book{gonzalez2018digital,
    title = {{Digital Image Processing}},
    year = {2018},
    author = {Gonzalez, R C and Woods, R E},
    publisher = {Pearson},
    url = {https://books.google.com.br/books?id=0F05vgAACAAJ},
    isbn = {9780133356724}
}

@article{Andra2013a,
    title = {{Digital rock physics benchmarks—Part I: Imaging and segmentation}},
    year = {2013},
    journal = {Computers {\&} Geosciences},
    author = {Andr{\"{a}}, Heiko and Combaret, Nicolas and Dvorkin, Jack and Glatt, Erik and Han, Junehee and Kabel, Matthias and Keehm, Youngseuk and Krzikalla, Fabian and Lee, Minhui and Madonna, Claudio and Marsh, Mike and Mukerji, Tapan and Saenger, Erik H and Sain, Ratnanabha and Saxena, Nishank and Ricker, Sarah and Wiegmann, Andreas and Zhan, Xin},
    pages = {25--32},
    volume = {50},
    url = {http://www.sciencedirect.com/science/article/pii/S0098300412003147},
    doi = {https://doi.org/10.1016/j.cageo.2012.09.005},
    issn = {0098-3004},
    keywords = {Carbonate, Digital rock, Image segmentation, Sandstone, Sphere pack, X-ray computer tomography}
}

@article{Andra2013b,
    title = {{Digital rock physics benchmarks—part II: Computing effective properties}},
    year = {2013},
    journal = {Computers {\&} Geosciences},
    author = {Andr{\"{a}}, Heiko and Combaret, Nicolas and Dvorkin, Jack and Glatt, Erik and Han, Junehee and Kabel, Matthias and Keehm, Youngseuk and Krzikalla, Fabian and Lee, Minhui and Madonna, Claudio and Marsh, Mike and Mukerji, Tapan and Saenger, Erik H and Sain, Ratnanabha and Saxena, Nishank and Ricker, Sarah and Wiegmann, Andreas and Zhan, Xin},
    pages = {33--43},
    volume = {50},
    url = {http://www.sciencedirect.com/science/article/pii/S0098300412003172},
    doi = {https://doi.org/10.1016/j.cageo.2012.09.008},
    issn = {0098-3004},
    keywords = {Carbonate, Digital rock, Effective physical properties, Numerical upscaling, Sandstone, Sphere pack}
}

@article{Niu2020,
    title = {{Digital Rock Segmentation for Petrophysical Analysis With Reduced User Bias Using Convolutional Neural Networks}},
    year = {2020},
    journal = {Water Resources Research},
    author = {Niu, Yufu and Mostaghimi, Peyman and Shabaninejad, Mehdi and Swietojanski, Pawel and Armstrong, Ryan T},
    number = {2},
    month = {2},
    pages = {e2019WR026597},
    volume = {56},
    publisher = {John Wiley {\&} Sons, Ltd},
    url = {https://doi.org/10.1029/2019WR026597},
    doi = {10.1029/2019WR026597},
    issn = {0043-1397},
    keywords = {X-ray microcomputed tomography, convolutional neural network, digital rock, image segmentation}
}

@article{Sudakov2019,
    title = {{Driving digital rock towards machine learning: Predicting permeability with gradient boosting and deep neural networks}},
    year = {2019},
    journal = {Computers {\&} Geosciences},
    author = {Sudakov, Oleg and Burnaev, Evgeny and Koroteev, Dmitry},
    pages = {91--98},
    volume = {127},
    url = {http://www.sciencedirect.com/science/article/pii/S0098300418301717},
    doi = {https://doi.org/10.1016/j.cageo.2019.02.002},
    issn = {0098-3004},
    keywords = {Artificial neural networks, Digital rock, Gradient boosting, Machine learning, Permeability prediction}
}

@article{Berryman2000,
    title = {{Elastic wave propagation and attenuation in a double-porosity dual-permeability medium}},
    year = {2000},
    journal = {International Journal of Rock Mechanics and Mining Sciences},
    author = {Berryman, J G and Wang, H F},
    number = {1},
    pages = {63--78},
    volume = {37},
    url = {https://www.sciencedirect.com/science/article/pii/S1365160999000921},
    doi = {https://doi.org/10.1016/S1365-1609(99)00092-1},
    issn = {1365-1609}
}

@article{Kamrava2019,
    title = {{Enhancing images of shale formations by a hybrid stochastic and deep learning algorithm}},
    year = {2019},
    journal = {Neural Networks},
    author = {Kamrava, Serveh and Tahmasebi, Pejman and Sahimi, Muhammad},
    pages = {310--320},
    volume = {118},
    url = {http://www.sciencedirect.com/science/article/pii/S0893608019301972},
    doi = {https://doi.org/10.1016/j.neunet.2019.07.009},
    issn = {0893-6080},
    keywords = {Deep learning, Imaging, Shale formation, Stochastic modeling}
}

@article{Wang2019,
    title = {{Enhancing Resolution of Digital Rock Images with Super Resolution Convolutional Neural Networks}},
    year = {2019},
    journal = {Journal of Petroleum Science and Engineering},
    author = {Wang, Ying Da and Armstrong, Ryan T and Mostaghimi, Peyman},
    pages = {106261},
    volume = {182},
    url = {http://www.sciencedirect.com/science/article/pii/S0920410519306825},
    doi = {https://doi.org/10.1016/j.petrol.2019.106261},
    issn = {0920-4105},
    keywords = {Digital rock, Micro-CT imaging, Neural networks, Super resolution}
}

@article{Valentin2018,
    title = {{Estimation of permeability and effective porosity logs using deep autoencoders in borehole image logs from the brazilian pre-salt carbonate}},
    year = {2018},
    journal = {Journal of Petroleum Science and Engineering},
    author = {Valent{\'{i}}n, Manuel Blanco and Bom, Clécio R and Martins Compan, André Luiz and Correia, Maury Duarte and Menezes de Jesus, Candida and de Lima Souza, Anelise and de Albuquerque, Márcio P and de Albuquerque, Marcelo P and Faria, Elisângela L},
    pages = {315--330},
    volume = {170},
    url = {http://www.sciencedirect.com/science/article/pii/S0920410518305278},
    doi = {https://doi.org/10.1016/j.petrol.2018.06.038},
    issn = {0920-4105},
    keywords = {Autoencoder, Borehole, Deep, Estimation, Image, Logs, Network, Permeability, Porosity, Stacked}
}

@article{feng2020estimation,
    title = {{Estimation of reservoir porosity based on seismic inversion results using deep learning methods}},
    year = {2020},
    journal = {Journal of Natural Gas Science and Engineering},
    author = {Feng, Runhai},
    pages = {103270},
    volume = {77},
    publisher = {Elsevier}
}

@misc{clevert2016fast,
    title = {{Fast and Accurate Deep Network Learning by Exponential Linear Units (ELUs)}},
    year = {2016},
    author = {Clevert, Djork-Arné and Unterthiner, Thomas and Hochreiter, Sepp},
    arxivId = {cs.LG/1511.07289}
}

@book{mohri2018foundations,
    title = {{Foundations of Machine Learning}},
    year = {2018},
    author = {Mohri, Mehryar and Rostamizadeh, Afshin and Talwalkar, Ameet},
    edition = {2},
    publisher = {MIT Press},
    url = {https://books.google.com.br/books?id=V2B9DwAAQBAJ},
    address = {Cambridge, EUA},
    isbn = {9780262039406}
}

@book{Buryakovsky2012,
    title = {{Fundamentals of the petrophysics of oil and gas reservoirs}},
    year = {2012},
    author = {Buryakovsky, Leonid and Chilingar, George V and Rieke, Herman H and Shin, Sanghee},
    publisher = {John Wiley {\textbackslash}{\&} Sons}
}

@article{LeCun1998,
    title = {{Gradient-based learning applied to document recognition}},
    year = {1998},
    journal = {Proceedings of the IEEE},
    author = {LeCun, Yan and Bottou, Léon and Bengio, Yoshua and Haffner, Patrick},
    number = {11},
    pages = {2278--2324},
    volume = {86}
}

@book{geron2019hands,
    title = {{Hands-On Machine Learning with Scikit-Learn, Keras, and TensorFlow: Concepts, Tools, and Techniques to Build Intelligent Systems}},
    year = {2019},
    author = {G{\'{e}}ron, Aurélien},
    edition = {2},
    publisher = {O'Reilly Media},
    isbn = {9781492032595}
}

@misc{neumann2020high,
    title = {{High accuracy capillary network representation in digital rock reveals permeability scaling functions}},
    year = {2020},
    author = {Neumann, Rodrigo F and Barsi-Andreeta, Mariane and Lucas-Oliveira, Everton and Barbalho, Hugo and Trevizan, Willian A and Bonagamba, Tito J and Steiner, Mathias},
    arxivId = {physics.geo-ph/2010.10679}
}

@article{krizhevsky2012,
    title = {{ImageNet Classification with Deep Convolutional Neural Networks}},
    year = {2012},
    journal = {Neural Information Processing Systems},
    author = {Krizhevsky, Alex and Sutskever, Ilya and Hinton, Geoffrey},
    volume = {25},
    doi = {10.1145/3065386}
}

@misc{hinton2012improving,
    title = {{Improving neural networks by preventing co-adaptation of feature detectors}},
    year = {2012},
    author = {Hinton, Geoffrey E and Srivastava, Nitish and Krizhevsky, Alex and Sutskever, Ilya and Salakhutdinov, Ruslan R},
    arxivId = {cs.NE/1207.0580}
}

@article{Berg2017,
    title = {{Industrial applications of digital rock technology}},
    year = {2017},
    journal = {Journal of Petroleum Science and Engineering},
    author = {Berg, Carl Fredrik and Lopez, Olivier and Berland, Håvard},
    pages = {131--147},
    volume = {157},
    url = {http://www.sciencedirect.com/science/article/pii/S0920410517305600},
    doi = {https://doi.org/10.1016/j.petrol.2017.06.074},
    issn = {0920-4105},
    keywords = {Digital rock, Imaging, Modeling, Pore scale, Simulation}
}

@book{russell2013artificial,
    title = {{Intelig{\^{e}}ncia Artificial}},
    year = {2013},
    author = {Russell, Stuart and Norvig, Peter},
    edition = {3},
    publisher = {Elsevier},
    url = {https://integrada.minhabiblioteca.com.br/#/books/9788595156104},
    address = {Rio de Janeiro, Brasil},
    isbn = {978853523701}
}

@book{faceli2011,
    title = {{Intelig{\^{e}}ncia artificial: uma abordagem de aprendizado de m{\'{a}}quina}},
    year = {2011},
    author = {Faceli, Katti and Lorena, Ana Carolina and Gama, João and de Carvalho, André C P L F},
    publisher = {Grupo Gen - LTC},
    url = {https://integrada.minhabiblioteca.com.br/#/books/978-85-216-2146-1/},
    address = {Rio de Janeiro, Brasil},
    isbn = {9788521618805}
}

@article{wu2017introduction,
    title = {{Introduction to convolutional neural networks}},
    year = {2017},
    journal = {National Key Lab for Novel Software Technology. Nanjing University. China},
    author = {Wu, Jianxin},
    pages = {23},
    volume = {5}
}

@misc{chollet2015keras,
    title = {{Keras}},
    year = {2015},
    author = {Chollet, François and {others}},
    url = {https://keras.io}
}

@article{rumelhart1986learning,
    title = {{Learning representations by back-propagating errors}},
    year = {1986},
    journal = {nature},
    author = {Rumelhart, David E. and Hinton, Geoffrey and Williams, Ronald J.},
    number = {6088},
    pages = {533--536},
    volume = {323},
    publisher = {Nature Publishing Group}
}

@misc{creek2019,
    title = {{Limestone}},
    year = {2019},
    author = {Creekmur, Charles},
    url = {https://www.mindat.org/photo-1038318.html}
}

@article{Kamrava2020,
    title = {{Linking Morphology of Porous Media to Their Macroscopic Permeability by Deep Learning}},
    year = {2020},
    journal = {Transport in Porous Media},
    author = {Kamrava, Serveh and Tahmasebi, Pejman and Sahimi, Muhammad},
    number = {2},
    pages = {427--448},
    volume = {131},
    url = {https://doi.org/10.1007/s11242-019-01352-5},
    doi = {10.1007/s11242-019-01352-5},
    issn = {1573-1634}
}

@book{mitchell1997machine,
    title = {{Machine Learning}},
    year = {1997},
    author = {Mitchell, Tom M.},
    publisher = {McGraw-Hill},
    isbn = {9780071154673}
}

@misc{Al-Farisi2019,
    title = {{Machine Learning for 3D Image Recognition to Determine Porosity and Lithology of Heterogeneous Carbonate Rock}},
    year = {2019},
    booktitle = {SPE Reservoir Characterisation and Simulation Conference and Exhibition},
    author = {Al-Farisi, Omar and Zhang, Hongtao and Raza, Aikifa and Ozzane, Djamel and Sassi, Mohamed and Zhang, TieJun},
    pages = {19},
    publisher = {Society of Petroleum Engineers},
    url = {https://doi.org/10.2118/196657-MS},
    address = {Abu Dhabi, UAE},
    isbn = {978-1-61399-669-0},
    doi = {10.2118/196657-MS}
}

@article{Alqahtani2020,
    title = {{Machine learning for predicting properties of porous media from 2d X-ray images}},
    year = {2020},
    journal = {Journal of Petroleum Science and Engineering},
    author = {Alqahtani, Naif and Alzubaidi, Fatimah and Armstrong, Ryan T and Swietojanski, Pawel and Mostaghimi, Peyman},
    pages = {106514},
    volume = {184},
    url = {http://www.sciencedirect.com/science/article/pii/S0920410519309350},
    doi = {https://doi.org/10.1016/j.petrol.2019.106514},
    issn = {0920-4105},
    keywords = {Convolutional neural network, Digital rock, Machine learning, Rock properties}
}

@article{Karpatne2019,
    title = {{Machine Learning for the Geosciences: Challenges and Opportunities}},
    year = {2019},
    journal = {IEEE Transactions on Knowledge and Data Engineering},
    author = {Karpatne, A and Ebert-Uphoff, I and Ravela, S and Babaie, H A and Kumar, V},
    number = {8},
    pages = {1544--1554},
    volume = {31},
    doi = {10.1109/TKDE.2018.2861006},
    issn = {1558-2191 VO - 31},
    keywords = {Atmospheric modeling, Big Data, Data models, Earth, Geology, ML, Machine learning, Meteorology, Sensors, big data, earth observation data, earth science, geophysics computing, geoscience, geoscience applications, geoscience data, learning (artificial intelligence), machine learning community, physics-based models}
}

@article{Tahmasebi2020,
    title = {{Machine learning in geo- and environmental sciences: From small to large scale}},
    year = {2020},
    journal = {Advances in Water Resources},
    author = {Tahmasebi, Pejman and Kamrava, Serveh and Bai, Tao and Sahimi, Muhammad},
    pages = {103619},
    volume = {142},
    url = {http://www.sciencedirect.com/science/article/pii/S0309170820301366},
    doi = {https://doi.org/10.1016/j.advwatres.2020.103619},
    issn = {0309-1708},
    keywords = {Data analytics, Deep learning, Geomedia, Machine learning, Physics-guided artificial intelligence, Subsurface systems}
}

@article{Huang2020a,
    title = {{Machine Learning Using U-Net Convolutional Neural Networks for the Imaging of Sparse Seismic Data}},
    year = {2020},
    journal = {Pure and Applied Geophysics},
    author = {Huang, Jiayuan and Nowack, Robert},
    month = {1},
    doi = {10.1007/s00024-019-02412-z}
}

@book{murphy2012machine,
    title = {{Machine Learning: A Probabilistic Perspective}},
    year = {2012},
    author = {Murphy, Kevin P.},
    series = {Adaptive Computation and Machine Learning series},
    publisher = {MIT Press},
    url = {https://books.google.com.br/books?id=RC43AgAAQBAJ},
    address = {Cambridge, EUA},
    isbn = {9780262304320}
}

@inproceedings{He_2017_ICCV,
    title = {{Mask R-CNN}},
    year = {2017},
    booktitle = {Proceedings of the IEEE International Conference on Computer Vision (ICCV)},
    author = {He, Kaiming and Gkioxari, Georgia and Dollar, Piotr and Girshick, Ross}
}

@article{Navab2015b,
    title = {{Medical Image Computing and Computer-Assisted Intervention - MICCAI 2015: 18th International Conference Munich, Germany, October 5-9, 2015 proceedings, part III}},
    year = {2015},
    journal = {Lecture Notes in Computer Science (including subseries Lecture Notes in Artificial Intelligence and Lecture Notes in Bioinformatics)},
    author = {Navab, Nassir and Hornegger, Joachim and Wells, William M. and Frangi, Alejandro F.},
    number = {Cvd},
    pages = {12--20},
    volume = {9351},
    isbn = {9783319245737},
    doi = {10.1007/978-3-319-24574-4},
    issn = {16113349},
    pmid = {23285570},
    keywords = {bold, dictionary learning, unsupervised segmentation}
}

@book{nielsen2015neural,
    title = {{Neural Networks and Deep Learning}},
    year = {2015},
    author = {Nielsen, Michael},
    publisher = {Determination Press},
    url = {http://neuralnetworksanddeeplearning.com/}
}

@book{aggarwal2018,
    title = {{Neural Networks and Deep Learning: A Textbook}},
    year = {2018},
    author = {Aggarwal, Charu},
    publisher = {Springer},
    address = {Nova Iorque, EUA},
    isbn = {978-3-319-94462-3},
    doi = {10.1007/978-3-319-94463-0}
}

@misc{hayou2018selection,
    title = {{On the Selection of Initialization and Activation Function for Deep Neural Networks}},
    year = {2018},
    author = {Hayou, Soufiane and Doucet, Arnaud and Rousseau, Judith},
    arxivId = {stat.ML/1805.08266}
}

@phdthesis{de2019petrographic,
    title = {{Petrographic analysis with deep convolutional neural networks}},
    year = {2019},
    author = {de Lima, Rafael Pires},
    school = {University of Oklahoma}
}

@article{DaWang2020,
    title = {{Physical Accuracy of Deep Neural Networks for 2D and 3D Multi-Mineral Segmentation of Rock micro-CT Images}},
    year = {2020},
    author = {Da Wang, Ying and Shabaninejad, Mehdi and Armstrong, Ryan T and Mostaghimi, Peyman},
    month = {2},
    url = {http://arxiv.org/abs/2002.05322},
    arxivId = {2002.05322}
}

@article{Blunt2013,
    title = {{Pore-scale imaging and modelling}},
    year = {2013},
    journal = {Advances in Water Resources},
    author = {Blunt, Martin J and Bijeljic, Branko and Dong, Hu and Gharbi, Oussama and Iglauer, Stefan and Mostaghimi, Peyman and Paluszny, Adriana and Pentland, Christopher},
    pages = {197--216},
    volume = {51},
    url = {http://www.sciencedirect.com/science/article/pii/S0309170812000528},
    doi = {https://doi.org/10.1016/j.advwatres.2012.03.003},
    issn = {0309-1708},
    keywords = {Imaging, Network modelling, Pore-scale, Relative permeability}
}

@article{Abedini2018,
    title = {{Porosity classification from thin sections using image analysis and neural networks including shallow and deep learning in Jahrum formation}},
    year = {2018},
    journal = {Journal of Mining and Environment},
    author = {Abedini, M and Ziaii, M and Negahdarzadeh, Y and Ghiasi-Freez, J},
    number = {2},
    pages = {513--525},
    volume = {9},
    url = {http://jme.shahroodut.ac.ir/article_1120.html http://jme.shahroodut.ac.ir/article_1120_2e9905ac30aa147fd45f35d077b14da0.pdf},
    address = {Faculty of Mining, Petroleum {\&}amp; Geophysics Engineering, Shahrood University of Technology, Shahrood, Iran},
    doi = {10.22044/jme.2018.6386.1458},
    issn = {2251-8592},
    keywords = {Neural network, deep learning, image analysis, porosity classification, stacked autoencoder},
    language = {en}
}

@inproceedings{cardoso2020porosity,
    title = {{Porosity features extraction based on image segmentation technique applying k-means clustering algorithm}},
    year = {2020},
    booktitle = {Rio Oil and Gas Expo and Conference},
    author = {Gomes Cardoso, Victor and Natividade, Edna and Barbosa, José},
    volume = {20},
    doi = {10.48072/2525-7579.rog.2020.049}
}

@article{Saputro2016,
    title = {{Porosity Log Prediction Using Artificial Neural Network}},
    year = {2016},
    journal = {Journal of Physics: Conference Series},
    author = {Saputro, Oki Dwi and Maulana, Zulfikar Lazuardi and Latief, Fourier Dzar Eljabbar},
    pages = {12092},
    volume = {739},
    publisher = {{\{}IOP{\}} Publishing},
    url = {https://doi.org/10.1088%2F1742-6596%2F739%2F1%2F012092},
    doi = {10.1088/1742-6596/739/1/012092}
}

@incollection{Jiang2020,
    title = {{Porosity prediction using machine learning}},
    year = {2020},
    booktitle = {SEG Technical Program Expanded Abstracts 2020},
    author = {Jiang, Lian and Castagna, John P and Russell, Brian},
    month = {9},
    pages = {3862--3866},
    series = {SEG Technical Program Expanded Abstracts},
    publisher = {Society of Exploration Geophysicists},
    url = {https://doi.org/10.1190/segam2020-w13-04.1},
    doi = {doi:10.1190/segam2020-w13-04.1}
}

@article{Armstrong2019,
    title = {{Porous Media Characterization Using Minkowski Functionals: Theories, Applications and Future Directions}},
    year = {2019},
    journal = {Transport in Porous Media},
    author = {Armstrong, Ryan T and McClure, James E and Robins, Vanessa and Liu, Zhishang and Arns, Christoph H and Schl{\"{u}}ter, Steffen and Berg, Steffen},
    number = {1},
    pages = {305--335},
    volume = {130},
    url = {https://doi.org/10.1007/s11242-018-1201-4},
    doi = {10.1007/s11242-018-1201-4},
    issn = {1573-1634}
}

@article{wu2019predicting,
    title = {{Predicting effective diffusivity of porous media from images by deep learning}},
    year = {2019},
    journal = {Scientific reports},
    author = {Wu, Haiyi and Fang, Wen-Zhen and Kang, Qinjun and Tao, Wen-Quan and Qiao, Rui},
    number = {1},
    pages = {1--12},
    volume = {9},
    publisher = {Nature Publishing Group}
}

@article{graczyk2020predicting,
    title = {{Predicting Porosity, Permeability, and Tortuosity of Porous Media from Images by Deep Learning}},
    year = {2020},
    journal = {arXiv preprint arXiv:2007.02820},
    author = {Graczyk, Krzysztof M and Matyka, Maciej}
}

@article{Erofeev2019,
    title = {{Prediction of Porosity and Permeability Alteration Based on Machine Learning Algorithms}},
    year = {2019},
    journal = {Transport in Porous Media},
    author = {Erofeev, Andrei and Orlov, Denis and Ryzhov, Alexey and Koroteev, Dmitry},
    number = {2},
    pages = {677--700},
    volume = {128},
    url = {https://doi.org/10.1007/s11242-019-01265-3},
    doi = {10.1007/s11242-019-01265-3},
    issn = {1573-1634}
}

@article{Chauhan2016,
    title = {{Processing of rock core microtomography images: Using seven different machine learning algorithms}},
    year = {2016},
    journal = {Computers {\&} Geosciences},
    author = {Chauhan, Swarup and R{\"{u}}haak, Wolfram and Khan, Faisal and Enzmann, Frieder and Mielke, Philipp and Kersten, Michael and Sass, Ingo},
    pages = {120--128},
    volume = {86},
    url = {http://www.sciencedirect.com/science/article/pii/S0098300415300789},
    doi = {https://doi.org/10.1016/j.cageo.2015.10.013},
    issn = {0098-3004},
    keywords = {Ensemble classifiers, Micro-X-ray computer tomography, Supervised clustering, Unsupervised clustering}
}

@inproceedings{nair2010,
    title = {{Rectified Linear Units Improve Restricted Boltzmann Machines}},
    year = {2010},
    booktitle = {ICML},
    author = {Nair, Vinod and Hinton, Geoffrey E},
    pages = {807--814},
    url = {https://icml.cc/Conferences/2010/papers/432.pdf}
}

@inproceedings{maas2013rectifier,
    title = {{Rectifier nonlinearities improve neural network acoustic models}},
    year = {2013},
    booktitle = {Proc. icml},
    author = {Maas, Andrew L and Hannun, Awni Y and Ng, Andrew Y},
    number = {1},
    pages = {3},
    volume = {30}
}

@misc{zoph2020rethinking,
    title = {{Rethinking Pre-training and Self-training}},
    year = {2020},
    author = {Zoph, Barret and Ghiasi, Golnaz and Lin, Tsung-Yi and Cui, Yin and Liu, Hanxiao and Cubuk, Ekin D and Le, Quoc V},
    arxivId = {cs.CV/2006.06882}
}

@incollection{Huber1992,
    title = {{Robust Estimation of a Location Parameter BT  - Breakthroughs in Statistics: Methodology and Distribution}},
    year = {1992},
    author = {Huber, Peter J},
    editor = {Kotz, Samuel and Johnson, Norman L},
    pages = {492--518},
    publisher = {Springer New York},
    url = {https://doi.org/10.1007/978-1-4612-4380-9_35},
    address = {New York, NY},
    isbn = {978-1-4612-4380-9},
    doi = {10.1007/978-1-4612-4380-9{\_}35}
}

@article{Holland1977,
    title = {{Robust regression using iteratively reweighted least-squares}},
    year = {1977},
    journal = {Communications in Statistics - Theory and Methods},
    author = {Holland, Paul W and Welsch, Roy E},
    number = {9},
    month = {1},
    pages = {813--827},
    volume = {6},
    publisher = {Taylor {\&} Francis},
    url = {https://doi.org/10.1080/03610927708827533},
    doi = {10.1080/03610927708827533},
    issn = {0361-0926}
}

@article{Sun2019,
    title = {{Rock properties evaluation for carbonate reservoir characterization with multi-scale digital rock images}},
    year = {2019},
    journal = {Journal of Petroleum Science and Engineering},
    author = {Sun, Huafeng and Belhaj, Hadi and Tao, Guo and Vega, Sandra and Liu, Luofu},
    pages = {654--664},
    volume = {175},
    url = {http://www.sciencedirect.com/science/article/pii/S0920410518311847},
    doi = {https://doi.org/10.1016/j.petrol.2018.12.075},
    issn = {0920-4105},
    keywords = {Carbonate rocks, Digital rock analysis, Heterogeneity, Multi-scale CT images, Rock properties evaluation}
}

@article{chai2014root,
    title = {{Root mean square error (RMSE) or mean absolute error (MAE)?--Arguments against avoiding RMSE in the literature}},
    year = {2014},
    journal = {Geoscientific model development},
    author = {Chai, Tianfeng and Draxler, Roland R},
    number = {3},
    pages = {1247--1250},
    volume = {7},
    publisher = {Copernicus GmbH}
}

@misc{ramachandran2017searching,
    title = {{Searching for Activation Functions}},
    year = {2017},
    author = {Ramachandran, Prajit and Zoph, Barret and Le, Quoc V},
    arxivId = {cs.NE/1710.05941}
}

@article{Wu2018,
    title = {{Seeing permeability from images: fast prediction with convolutional neural networks}},
    year = {2018},
    journal = {Science Bulletin},
    author = {Wu, Jinlong and Yin, Xiaolong and Xiao, Heng},
    number = {18},
    pages = {1215--1222},
    volume = {63},
    url = {http://www.sciencedirect.com/science/article/pii/S2095927318303955},
    doi = {https://doi.org/10.1016/j.scib.2018.08.006},
    issn = {2095-9273},
    keywords = {Convolutional neural network, Image processing, Machine learning, Permeability, Porous media}
}

@article{Karimpouli2019,
    title = {{Segmentation of digital rock images using deep convolutional autoencoder networks}},
    year = {2019},
    journal = {Computers {\&} Geosciences},
    author = {Karimpouli, Sadegh and Tahmasebi, Pejman},
    pages = {142--150},
    volume = {126},
    url = {http://www.sciencedirect.com/science/article/pii/S0098300418303911},
    doi = {https://doi.org/10.1016/j.cageo.2019.02.003},
    issn = {0098-3004},
    keywords = {Artificial intelligence, Digital rock physics (DRP), Mineral identification, Segmentation}
}

@misc{ArRushood2020,
    title = {{Segmentation of X-Ray Images of Rocks Using Deep Learning}},
    year = {2020},
    booktitle = {SPE Annual Technical Conference and Exhibition},
    author = {Ar Rushood, Ibrahim and Alqahtani, Naif and Wang, Ying Da and Shabaninejad, Mehdi and Armstrong, Ryan T and Mostaghimi, Peyman},
    pages = {13},
    publisher = {Society of Petroleum Engineers},
    url = {https://doi.org/10.2118/201282-MS},
    address = {Virtual},
    isbn = {978-1-61399-723-9},
    doi = {10.2118/201282-MS}
}

@article{7803544,
    title = {{SegNet: A Deep Convolutional Encoder-Decoder Architecture for Image Segmentation}},
    year = {2017},
    journal = {IEEE Transactions on Pattern Analysis and Machine Intelligence},
    author = {Badrinarayanan, V and Kendall, A and Cipolla, R},
    number = {12},
    pages = {2481--2495},
    volume = {39},
    doi = {10.1109/TPAMI.2016.2644615},
    issn = {1939-3539},
    keywords = {Computer architecture, Convolutional codes, Decoding, Deep convolutional neural networks, Image segmentation, Neural networks, Semantics, Training, decoder, encoder, indoor scenes, pooling, road scenes, semantic pixel-wise segmentation, upsampling}
}

@misc{klambauer2017selfnormalizing,
    title = {{Self-Normalizing Neural Networks}},
    year = {2017},
    author = {Klambauer, Günter and Unterthiner, Thomas and Mayr, Andreas and Hochreiter, Sepp},
    arxivId = {cs.LG/1706.02515}
}

@inproceedings{Xie_2020_CVPR,
    title = {{Self-Training With Noisy Student Improves ImageNet Classification}},
    year = {2020},
    booktitle = {Proceedings of the IEEE/CVF Conference on Computer Vision and Pattern Recognition (CVPR)},
    author = {Xie, Qizhe and Luong, Minh-Thang and Hovy, Eduard and Le, Quoc V}
}

@misc{sapinhoa_anp,
    title = {{Sum{\'{a}}rio Sapinho{\'{a}}}},
    year = {2017},
    author = {{ANP}},
    url = {http://www.anp.gov.br/images/EXPLORACAO_E_PRODUCAO_DE_OLEO_E_GAS/Gestao_Contratos/Fase_Producao/Planos_Desenvolvimento/sumario_sapinhoa.pdf}
}

@inproceedings{abadi2016tensorflow,
    title = {{TensorFlow: A System for Large-Scale Machine Learning}},
    year = {2016},
    booktitle = {12th {\{}USENIX{\}} Symposium on Operating Systems Design and Implementation ({\{}OSDI{\}} 16)},
    author = {Abadi, Martín and Barham, Paul and Chen, Jianmin and Chen, Zhifeng and Davis, Andy and Dean, Jeffrey and Devin, Matthieu and Ghemawat, Sanjay and Irving, Geoffrey and Isard, Michael and Kudlur, Manjunath and Levenberg, Josh and Monga, Rajat and Moore, Sherry and Murray, Derek G and Steiner, Benoit and Tucker, Paul and Vasudevan, Vijay and Warden, Pete and Wicke, Martin and Yu, Yuan and Zheng, Xiaoqiang},
    pages = {265--283},
    publisher = {{\{}USENIX{\}} Association},
    url = {https://www.usenix.org/conference/osdi16/technical-sessions/presentation/abadi},
    address = {Savannah, GA},
    isbn = {978-1-931971-33-1}
}

@misc{frankle2019lottery,
    title = {{The Lottery Ticket Hypothesis: Finding Sparse, Trainable Neural Networks}},
    year = {2019},
    author = {Frankle, Jonathan and Carbin, Michael},
    arxivId = {cs.LG/1803.03635}
}

@inproceedings{u-net,
    title = {{U-Net: Convolutional Networks for Biomedical Image Segmentation}},
    year = {2015},
    booktitle = {Medical Image Computing and Computer-Assisted Intervention -- MICCAI 2015},
    author = {Ronneberger, Olaf and Fischer, Philipp and Brox, Thomas},
    editor = {Navab, Nassir and Hornegger, Joachim and Wells, William M and Frangi, Alejandro F},
    pages = {234--241},
    publisher = {Springer International Publishing},
    address = {Cham},
    isbn = {978-3-319-24574-4}
}

@article{Wildenschild2013,
    title = {{X-ray imaging and analysis techniques for quantifying pore-scale structure and processes in subsurface porous medium systems}},
    year = {2013},
    journal = {Advances in Water Resources},
    author = {Wildenschild, Dorthe and Sheppard, Adrian P},
    pages = {217--246},
    volume = {51},
    url = {http://www.sciencedirect.com/science/article/pii/S0309170812002060},
    doi = {https://doi.org/10.1016/j.advwatres.2012.07.018},
    issn = {0309-1708},
    keywords = {Image analysis and quantification, Multi-phase flow, Porous media characterization, X-ray tomography}
}

%=============================

%=============================
%=============================



@article{de2021direct,
  title={Direct Multivariate Simulation-A stepwise conditional transformation for multivariate geostatistical simulation},
  author={de Figueiredo, Leandro P and Schmitz, Tcharlies and Lunelli, Rafael and Roisenberg, Mauro and de Freitas, Daniel Santana and Grana, Dario},
  journal={Computers \& Geosciences},
  volume={147},
  pages={104659},
  year={2021},
  publisher={Elsevier}
}

@article{gomez1990isim3d,
  title={ISIM3D: An ANSI-C three-dimensional multiple indicator conditional simulation program},
  author={G{\'o}mez-Hern{\'a}ndez, J Jaime and Srivastava, R Mohan},
  journal={Computers \& Geosciences},
  volume={16},
  number={4},
  pages={395--440},
  year={1990},
  publisher={Elsevier}
}

@article{hansen2018multiple,
  title={Multiple point statistical simulation using uncertain (soft) conditional data},
  author={Hansen, Thomas Mejer and Mosegaard, Klaus and Cordua, Knud Skou},
  journal={Computers \& Geosciences},
  volume={114},
  pages={1--10},
  year={2018},
  publisher={Elsevier}
}

@article{pebesma2004multivariable,
  title={Multivariable geostatistics in S: the gstat package},
  author={Pebesma, Edzer J},
  journal={Computers \& Geosciences},
  volume={30},
  number={7},
  pages={683--691},
  year={2004},
  publisher={Elsevier}
}